@misc{ wiki:xxx,
    author = "Wikipedia",
    title = "Lorem ipsum --- Wikipedia{,} The Free Encyclopedia",
    year = "2013",
    url = "http://en.wikipedia.org/w/index.php?title=Lorem_ipsum&oldid=576428068",
    note = "[Online; accessed 20-October-2013]"
}
